<?xml version="1.0" encoding="UTF-8"?><record xmlns="http://www.loc.gov/MARC21/slim" xmlns:cinclude="http://apache.org/cocoon/include/1.0" xmlns:zs="http://www.loc.gov/zing/srw/">
  <leader>00442nz  a2200157n  4500</leader>
  <controlfield tag="001">n  97843444 </controlfield>
  <controlfield tag="003">DLC</controlfield>
  <controlfield tag="005">19971027093209.2</controlfield>
  <controlfield tag="008">971027n| acannaab|           n aad     c</controlfield>
  <datafield tag="010" ind1=" " ind2=" ">
    <subfield code="a">n  97843444 </subfield>
  </datafield>
  <datafield tag="035" ind1=" " ind2=" ">
    <subfield code="a">(NN-PD)NN 301240797</subfield>
  </datafield>
  <datafield tag="040" ind1=" " ind2=" ">
    <subfield code="a">NN-PD</subfield>
    <subfield code="c">NN-PD</subfield>
  </datafield>
  <datafield tag="100" ind1="1" ind2="0">
    <subfield code="a">Semritc, David</subfield>
  </datafield>
  <datafield tag="667" ind1=" " ind2=" ">
    <subfield code="a">Choreographer.</subfield>
  </datafield>
  <datafield tag="667" ind1=" " ind2=" ">
    <subfield code="a">Data contributed by the Dance Heritage Coalition for the New York Public Library Dance Collection.</subfield>
  </datafield>
  <datafield tag="670" ind1=" " ind2=" ">
    <subfield code="a">*MGZR</subfield>
  </datafield>
</record>